@article{lin2014overview,
  title   = {An overview of 3GPP device-to-device proximity services},
  author  = {Lin, Xingqin and Andrews, Jeffrey G and Ghosh, Amitabha and Ratasuk, Rapeepat},
  journal = {IEEE Communications Magazine},
  volume  = 52,
  number  = 4,
  pages   = "40-48",
  year    = {2014}
}

@article{chowdhury2009network,
  title   = {Network virtualization: state of the art and research challenges},
  author  = {Chowdhury, NM Mosharaf Kabir and Boutaba, Raouf},
  journal = {IEEE Communications Magazine},
  volume  = {47},
  number  = {7},
  pages   = {20--26},
  year    = {2009}
}

@inproceedings{wang2008virtual,
  title     = {Virtual routers on the move: live router migration as a network-management primitive},
  author    = {Wang, Yi and Keller, Eric and Biskeborn, Brian and van der Merwe, Jacobus and Rexford, Jennifer},
  address   = "Seattle, WA, USA",
  month     = aug,
  booktitle = {ACM SIGCOMM},
  year      = {2008}
}

@book{silverman1986density,
  title={Density estimation for statistics and data analysis},
  author={Silverman, Bernard W},
  volume={26},
  year={1986},
  publisher={CRC press}
}

@article{jenks1963generalization,
  title={Generalization in statistical mapping},
  author={Jenks, George F},
  journal={Taylor \& Francis Annals of the Association of American Geographers},
  volume={53},
  number={1},
  pages={15--26},
  year={1963}
}

@inproceedings{kang2004extracting,
  title={Extracting places from traces of locations},
  author={Kang, Jong Hee and Welbourne, William and Stewart, Benjamin and Borriello, Gaetano},
  booktitle={ACM WMASH},
  address= {Philadelphia, PA, USA},
  month=oct,
  year={2004}
}

@inproceedings{pitkanen2007redundancy,
  title={Redundancy and distributed caching in mobile {DTN}s},
  author={Pitk{\"a}nen, Mikko Juhani and Ott, J{\"o}rg},
  booktitle={ACM/IEEE MobiArch},
  month=aug,
  address={Kyoto, Japan},
  year={2007}
}

@inproceedings{ott2007dtn,
  title={{DTN}-based content storage and retrieval},
  author={Ott, J{\"o}rg and Pitk{\"a}nen, Mikko Juhani},
  booktitle={IEEE WoWMoM},
  address={Espoo, Finland},
  month=jun,
  year={2007}
}

@inproceedings{demmer2008tierstore,
  title={{TierStore}: A distributed filesystem for challenged networks in developing regions},
  author={Demmer, Michael J and Du, Bowei and Brewer, Eric A},
  booktitle={USENIX FAST},
  address={San Jose, CA, USA},
  month=feb,
  year={2008}
}


@article{megiddo1983maximum,
  title={The maximum coverage location problem},
  author={Megiddo, Nimrod and Zemel, Eitan and Hakimi, S Louis},
  journal={SIAM Journal on Algebraic Discrete Methods},
  volume={4},
  number={2},
  pages={253--261},
  year={1983}
}

@inproceedings{keranen2009one,
  title={The {ONE} simulator for {DTN} protocol evaluation},
  author={Ker{\"a}nen, Ari and Ott, J{\"o}rg and K{\"a}rkk{\"a}inen, Teemu},
  booktitle={ACM Simutools},
  address= {Rome, Italy},
  month=mar,
  year={2009}
}

@article{getis1992analysis,
  title={The analysis of spatial association by use of distance statistics},
  author={Getis, Arthur and Ord, J Keith},
  journal={Wiley Geographical analysis},
  volume={24},
  number={3},
  pages={189--206},
  year={1992}
}

@article{le2010mobilite,
  title={La mobilit{\'e} des Fran{\c{c}}ais, panorama issu de lâ€™enqu{\^e}te nationale transports et d{\'e}placements 2008},
  author={Le Jeannic, T},
  journal={Paris: minist{\`e}re de l'{\'E}cologie, du D{\'e}veloppement durable, des Transports et du Logement},
  year={2010}
}

@inproceedings{blum1994minimum,
  title={The minimum latency problem},
  author={Blum, Avrim and Chalasani, Prasad and Coppersmith, Don and Pulleyblank, Bill and Raghavan, Prabhakar and Sudan, Madhu},
  booktitle={ACM STOC},
  address= {Montreal, PQ, Canada},
  month=may,
  year={1994}
}

@inproceedings{banerjee2008relays,
  title={Relays, base stations, and meshes: enhancing mobile networks with infrastructure},
  author={Banerjee, Nilanjan and Corner, Mark D and Towsley, Don and Levine, Brian N},
  booktitle={ACM MobiCom},
  address={San Francisco, CA, USA},
  month=sep,
  year=2008
}

@book{macwilliams1977theory,
  title={The theory of rrror-correcting codes},
  author={MacWilliams, F and Sloane, NJ},
  year={1977},
  publisher={Elsevier}
}

@Article{chen1994raid,
	title = "{RAID}: High-performance, reliable secondary storage",
	author = "Chen, Peter M and Lee, Edward K and Gibson, Garth A and Katz, Randy H and Patterson, David A",
	journal = "ACM Computing Surveys",
  volume={26},
  number={2},
  pages={145--185},
	year = 1994
} 


@inbook{HCM00,
  title={Highway Capacity Manual},
  author={{National Research Council (U.S.). Transportation Research Board}},
  year={2000}
}

@article{church1974maximal,
  title={The maximal covering location problem},
  author={Church, Richard and VELLE, CHARLES R},
  journal={Wiley Papers in regional science},
  year={1974},
  volume={32},
  number={1},
  pages={101--118}
}


@article{wright1997variability,
  title={Variability in traffic monitoring data},
  author={Wright, Tommy and Hu, Patricia S and Young, Jennifer and Lu, An},
  year={1997}
}

@article{mckeown2008openflow,
  title={OpenFlow: enabling innovation in campus networks},
  author={McKeown, Nick and Anderson, Tom and Balakrishnan, Hari and Parulkar, Guru and Peterson, Larry and Rexford, Jennifer and Shenker, Scott and Turner, Jonathan},
  journal={ACM SIGCOMM Computer Communication Review},
  volume={38},
  number={2},
  pages={69--74},
  year={2008}
}

@article{drutskoy2013scalable,
  title={Scalable network virtualization in software-defined networks},
  author={Drutskoy, Dmitry and Keller, Eric and Rexford, Jennifer},
  journal={IEEE Internet Computing},
  volume={17},
  number={2},
  pages={20--27},
  year={2013}
}

@article{sherwood2009flowvisor,
  title={Flowvisor: A network virtualization layer},
  author={Sherwood, Rob and Gibb, Glen and Yap, Kok-Kiong and Appenzeller, Guido and Casado, Martin and McKeown, Nick and Parulkar, Guru},
  journal={OpenFlow Switch Consortium, Tech. Rep},
  year={2009}
}

@inproceedings{small2003shared,
  title={The shared wireless infostation model: a new ad hoc networking paradigm (or where there is a whale, there is a way)},
  author={Small, Tara and Haas, Zygmunt J},
  booktitle={ACM MobiHoc},
  address={Annapolis, MD, USA},
  month=jun,
  year={2003}
}

@article{lahde2007practical,
  title={A practical analysis of communication characteristics for mobile and distributed pollution measurements on the road},
  author={Lahde, Sven and Doering, Michael and P{\"o}ttner, Wolf-Bastian and Lammert, Gerrit and Wolf, Lars},
  journal={Wiley Wireless Communications and Mobile Computing},
  volume={7},
  number={10},
  pages={1209--1218},
  year={2007}
}

@inproceedings{lo2013design,
  title={Design and analysis of schedules for virtual network migration},
  author={Lo, Samantha and Ammar, Mostafa and Zegura, Ellen},
  booktitle={IEEE/IFIP Networking Conference},
  address="Brooklyn, NY, USA",
  month=may,
  year={2013}
}

@phdthesis{chen2007cafnet,
  title={Cafnet: A carry-and-forward delay-tolerant network},
  author={Chen, Kevin W},
  year={2007},
  school={Massachusetts Institute of Technology}
}

@inproceedings{keller2012live,
  title={Live migration of an entire network (and its hosts)},
  author={Keller, Eric and Ghorbani, Soudeh and Caesar, Matt and Rexford, Jennifer},
  booktitle={ACM HotNets},
  address={Redmond, WA, USA},
  year={2012},
  month=oct,
  organization={ACM}
}

@article{kokku2012nvs,
  title={NVS: a substrate for virtualizing wireless resources in cellular networks},
  author={Kokku, Ravi and Mahindra, Rajesh and Zhang, Honghai and Rangarajan, Sampath},
  journal={IEEE/ACM Transactions on Networking},
  volume={20},
  number={5},
  pages={1333--1346},
  year={2012}
}

@inproceedings{xiao2013lowering,
  title={Lowering the barriers to large-scale mobile crowdsensing},
  author={Xiao, Yu and Simoens, Pieter and Pillai, Padmanabhan and Ha, Kiryong and Satyanarayanan, Mahadev},
  booktitle={ACM HotMobile},
  address= {Jekyll Island, Georgia},
  month=feb,
  year={2013}
}

@inproceedings{bonomi2012fog,
  title={Fog computing and its role in the internet of things},
  author={Bonomi, Flavio and Milito, Rodolfo and Zhu, Jiang and Addepalli, Sateesh},
  address= {Helsinki, Finland},
  month=aug,
  booktitle={ACM MCC},
  year={2012}
}


@inproceedings{hong2013achieving,
  title={Achieving high utilization with software-driven {WAN}},
  author={Hong, Chi-Yao and Kandula, Srikanth and Mahajan, Ratul and Zhang, Ming and Gill, Vijay and Nanduri, Mohan and Wattenhofer, Roger},
  booktitle={ACM SIGCOMM},
  address={Hong Kong, China},
  month=aug,
  year={2013}
}

@article{patterson2003conversation,
  title={A conversation with Jim Gray},
  author={Patterson, Dave},
  volume={1},
  number={4},
  pages={53--56},
  journal={ACM Queue},
  month=jul,
  year={2003}
}

@article{hecht2016bandwidth,
  title={The bandwidth bottleneck that is throttling the {Internet}},
  author={Hecht, Jeff},
  journal={Nature},
  volume={536},
  number={7615},
  pages={139},
  month=aug,
  year={2016}
}


@inproceedings{fall2003delay,
  title = "A delay-tolerant network architecture for challenged internets",
  author = "Fall, Kevin",
  booktitle = "ACM SIGCOMM",
  address= {Karlsruhe, Germany},
  month=aug,
  year = 2003
}

@misc{index2014forecast,
  title={Forecast and methodology, 2015-2020},
  author={{Cisco Visual Networking Index (VNI)}},
  year={2016},
  month=jun,
  publisher={Cisco}
}

@article{han2012mobile,
  title={Mobile data offloading through opportunistic communications and social participation},
  author={Han, Bo and Hui, Pan and Kumar, VS Anil and Marathe, Madhav V and Shao, Jianhua and Srinivasan, Aravind},
  journal={IEEE Transactions on Mobile Computing},
  volume={11},
  number={5},
  pages={821--834},
  year={2012}
}

@misc{dublinked,
  author={Dublinked},
  title = {Dublin Bus GPS sample data from Dublin City Council (Insight Project)},
  howpublished = {\url{http://dublinked.com/datastore/datasets/dataset-304.php}},
  note = {Accessed: \today},
  year={2013}
}

@article{toregas1971location,
  title={The location of emergency service facilities},
  author={Toregas, Constantine and Swain, Ralph and ReVelle, Charles and Bergman, Lawrence},
  journal={INFORMS Operations Research},
  volume={19},
  number={6},
  pages={1363--1373},
  year={1971}
}


@inproceedings{bai2010toward,
  title={Toward understanding characteristics of dedicated short range communications (DSRC) from a perspective of vehicular network engineers},
  author={Bai, Fan and Stancil, Daniel D and Krishnan, Hariharan},
  booktitle={ACM MobiCom},
  address= {Chicago, Illinois, USA},
  month=sep,
  year={2010}
}

@inproceedings{hadaller2007vehicular,
  title={Vehicular opportunistic communication under the microscope},
  author={Hadaller, David and Keshav, Srinivasan and Brecht, Tim and Agarwal, Shubham},
  booktitle={ACM MobiSys},
  address= {San Juan, Puerto Rico},
  month=jun,
  year={2007}
}

@article{zhang2006routing,
  title={Routing in intermittently connected mobile ad hoc networks and delay tolerant networks: overview and challenges},
  author={Zhang, Zhensheng},
  journal={IEEE Communications Surveys \& Tutorials},
  volume={8},
  number={1},
  pages={24--37},
  year={2006}
}

@inproceedings{keranen2009dtn,
  title = "{DTN} over aerial carriers",
  author = "Ker{\"a}nen, Ari and Ott, J{\"o}rg",
  booktitle = "ACM CHANTS",
  address= {Beijing, China},
  month=sep,
  year = 2009
}

@misc{duvall2003method,
  title={Method of and apparatus for dynamically GoeFencing movable vehicle and other equipment and the like},
  author={Duvall, William},
  year={2003},
  month=dec # "~16",
  publisher={Google Patents}
}

@techreport{rfc1149,
   AUTHOR = "D. Waitzman",
   TITLE = "A Standard for the Transmission of IP Datagrams on Avian Carriers",
   HOWPUBLISHED = {Internet Requests for Comments},
   TYPE="{RFC}",
   NUMBER=1149,
   YEAR = {1990},
   MONTH = {April},
   PUBLISHER = "{RFC Editor}",
   URL={http://tools.ietf.org/html/rfc1149}
  }
  
@inproceedings{baron2014vehicles,
  title={Vehicles as big data carriers: Road map space reduction and efficient data assignment},
  author={Baron, Benjamin and Spathis, Prom{\'e}th{\'e}e and Rivano, Herv{\'e} and De Amorim, Marcelo Dias and others},
  booktitle={IEEE VTC Fall},
  address={Vancouver, BC, Canada},
  mon=sep,
  year={2014}
}

@inproceedings{baron2014Software,
  TITLE = {{Software-Defined Vehicular Backhaul}},
  AUTHOR = {Baron, Benjamin and Spathis, Prom{\'e}th{\'e}e and Rivano, Herv{\'e} and Dias De Amorim, Marcelo and Viniotis, Yannis and Clarke, Joseph},
  BOOKTITLE = {{IEEE/IFIP Wireless Days}},
  address= {Rio de Janerio, Brazil},
  YEAR = {2014},
  MONTH = Nov
}

@book{de2011modelling,
  title={Modelling transport},
  author={de Dios Ort{\'u}zar, Juan and Willumsen, Luis},
  year={2011},
  publisher={Wiley Chichester}
}

@article{hui2011bubble,
  title={Bubble rap: Social-based forwarding in delay-tolerant networks},
  author={Hui, Pan and Crowcroft, Jon and Yoneki, Eiko},
  journal={IEEE Transactions on Mobile Computing},
  volume={10},
  number={11},
  pages={1576--1589},
  year={2011}
}

@book{sheffi1985urban,
  title={Urban transportation networks: equilibrium analysis with mathematical programming methods},
  author = "Y. Sheffi",
  publisher = "Prentice Hall",
  year= 1985
}

@incollection{krumm2006predestination,
  title={Predestination: Inferring destinations from partial trajectories},
  author={Krumm, John and Horvitz, Eric},
  booktitle={Springer UbiComp},
  pages="243--260",
  year={2006}
}

@inproceedings{pioro2003efficient,
  title={On efficient max-min fair routing algorithms},
  author={Pi{\'o}ro, Michal and Nilsson, P{\aa}l and Kubilinskas, Eligijus and Fodor, G{\'a}bor},
  booktitle={IEEE ISCC},
  address={Kemer - Antalya, Turkey},
  month=jun,
  year={2003}
}

@inproceedings{behrisch2011sumo,
  title={Sumo-simulation of urban mobility~--~an overview},
  author={Behrisch, Michael and Bieker, Laura and Erdmann, Jakob and Krajzewicz, Daniel},
  booktitle={SIMUL 2011, The Third International Conference on Advances in System Simulation},
  year={2011}
}

@inproceedings{xue2009traffic,
  title={Traffic-known urban vehicular route prediction based on partial mobility patterns},
  author={Xue, Guangtao and Li, Zhongwei and Zhu, Hongzi and Liu, Yunhuai},
  address={Shenzhen, China},
  month=dec,
  booktitle={IEEE ICPADS},
  year={2009}
}

@inproceedings{ziebart2008maximum,
  title={Maximum entropy inverse reinforcement learning},
  author={Ziebart, Brian D and Maas, Andrew L and Bagnell, J Andrew and Dey, Anind K},
  booktitle={AAAI},
  address={Chicago, IL, USA},
  month=jul,
  year={2008}
}

@article{liao2007learning,
  title={Learning and inferring transportation routines},
  author={Liao, Lin and Patterson, Donald J and Fox, Dieter and Kautz, Henry},
  volume={171},
  number={5},
  pages={311--331},
  journal={Elsevier Artificial Intelligence},
  year={2007}
}

@inproceedings{simmons2006learning,
  title={Learning to predict driver route and destination intent},
  author={Simmons, Reid and Browning, Brett and Zhang, Yilu and Sadekar, Varsha},
  booktitle={IEEE ITSC},
  address={Toronto, ON, Canada},
  month=sep,
  year={2006}
}

@article{shreedhar1996efficient,
  title={Efficient fair queuing using deficit round-robin},
  author={Shreedhar, Madhavapeddi and Varghese, George},
  journal={IEEE/ACM Transactions on Networking},
  volume={4},
  number={3},
  pages={375--385},
  year={1996}
}

@article{karakostas2008faster,
  title={Faster approximation schemes for fractional multicommodity flow problems},
  author={Karakostas, George},
  journal={ACM Transactions on Algorithms},
  volume={4},
  number={1},
  pages={13},
  year={2008}
}

@article{yen1971finding,
  title={Finding the $k$ shortest loopless paths in a network},
  author={Yen, Jin Y},
  journal={INFORMS Management Science},
  volume={17},
  number={11},
  pages={712--716},
  year={1971}
}

@article{fleischer2007quickest,
  title={Quickest flows over time},
  author={Fleischer, Lisa and Skutella, Martin},
  journal={SIAM Journal on Computing},
  volume={36},
  number={6},
  pages={1600--1630},
  year={2007}
}

@article{dijkstra1959note,
  title={A note on two problems in connexion with graphs},
  author={Dijkstra, Edsger W},
  journal={Springer Numerische mathematik},
  volume={1},
  number={1},
  pages={269--271},
  year={1959}
}

@book{costello2004error,
  title={Error control coding},
  author={Lin, Shu and Costello, Daniel J},
  year={2004},
  publisher={Prentice-hall Englewood Cliffs}
}


@article{wardrop1952some,
  title={Some theoretical aspects of road traffic research},
  author={Wardrop, John Glen},
  year={1952},
  publisher={Institution of Civil Engineers London}
}

@article{bregman1967proof,
  title={Proof of the convergence of Sheleikhovskii's method for a problem with transportation constraints},
  author={Bregman, Lev M},
  journal={Elsevier USSR Computational Mathematics and Mathematical Physics},
  volume={7},
  number={1},
  pages={191--204},
  year={1967}
}

@article{dial1971probabilistic,
  title={A probabilistic multipath traffic assignment model which obviates path enumeration},
  author={Dial, Robert B},
  journal={Pergamon Transportation research},
  volume={5},
  number={2},
  pages={83--111},
  year={1971}
}

@article{daganzo1977stochastic,
  title={On stochastic models of traffic assignment},
  author={Daganzo, Carlos F and Sheffi, Yosef},
  journal={INFORMS Transportation science},
  volume={11},
  number={3},
  pages={253--274},
  year={1977}
}

@inproceedings{clark2005live,
  title={Live migration of virtual machines},
  author={Clark, Christopher and Fraser, Keir and Hand, Steven and Hansen, Jacob Gorm and Jul, Eric and Limpach, Christian and Pratt, Ian and Warfield, Andrew},
  booktitle={USENIX NSDI},
  address={Boston, MA, USA},
  month=may,
  year={2005}
}

@incollection{levis2005tinyos,
  title={TinyOS: An operating system for sensor networks},
  author={Levis, Philip and Madden, Sam and Polastre, Joseph and Szewczyk, Robert and Whitehouse, Kamin and Woo, Alec and Gay, David and Hill, Jason and Welsh, Matt and Brewer, Eric and others},
  booktitle={Springer Ambient intelligence},
  year={2005}
}

@article{eppstein1998finding,
  title={Finding the $k$ shortest paths},
  author={Eppstein, David},
  journal={SIAM Journal on computing},
  volume={28},
  number={2},
  pages={652--673},
  year={1998}
}

@article{rubinstein2009measuring,
  title={Measuring the capacity of in-car to in-car vehicular networks},
  author={Rubinstein, Marcelo Gon{\c{c}}alves and Ben Abdesslem, Fehmi and Dias de Amorim, M and Cavalcanti, S{\'a}vio Rodrigues and dos Santos Alves, Rafael and Costa, Lu{\'\i}s Henrique Maciel Kosmalski and Duarte, Otto Carlos Muniz Bandeira and Campista, Miguel Elias Mitre},
  journal={IEEE Communications Magazine},
  volume={47},
  number={11},
  pages={128--136},
  year={2009}
}


@article{hart1968formal,
  title={A formal basis for the heuristic determination of minimum cost paths},
  author={Hart, Peter E and Nilsson, Nils J and Raphael, Bertram},
  journal={IEEE Transactions on Systems Science and Cybernetics},
  volume={4},
  number={2},
  pages={100--107},
  year={1968}
}

@inproceedings{geisberger2010route,
  title={Route planning with flexible objective functions},
  author={Geisberger, Robert and Kobitzsch, Moritz and Sanders, Peter},
  booktitle={SIAM ALENEX},
  address= {Austin, Texas},
  month=jan,
  year={2010}
}

@article{abraham2013alternative,
  title={Alternative routes in road networks},
  author={Abraham, Ittai and Delling, Daniel and Goldberg, Andrew V and Werneck, Renato F},
  journal={ACM Journal of Experimental Algorithmics (JEA)},
  volume = {18},
  pages = {1.3:1.1--1.3:1.17},
  year={2013}
}

@incollection{delling2009engineering,
  title={Engineering route planning algorithms},
  author={Delling, Daniel and Sanders, Peter and Schultes, Dominik and Wagner, Dorothea},
  booktitle={Springer Algorithmics of large and complex networks},
  year={2009}
}

@inproceedings{cascetta1996modified,
  title={A modified logit route choice model overcoming path overlapping problems: specification and some calibration results for interurban networks},
  author={Cascetta, Ennio and Nuzzolo, Agostino},
  booktitle={Internaional symposium on transportation and traffic theory},
  address={Lyon, France},
  month=jul,
  year={1996}
}

@article{van1980most,
  title={The most likely trip matrix estimated from traffic counts},
  author={Van Zuylen, Henk J and Willumsen, Luis G},
  journal={Elsevier Transportation Research Part B: Methodological},
  volume={14},
  number={3},
  pages={281--293},
  year={1980}
}

@article{fundation2012software,
  title={Software-defined networking: The new norm for networks},
  author={Fundation, Open Networking},
  journal={ONF White Paper},
  year={2012}
}

@inproceedings{danna2012practical,
  title={A practical algorithm for balancing the max-min fairness and throughput objectives in traffic engineering},
  author={Danna, Emilie and Mandal, Subhasree and Singh, Arjun},
  booktitle={IEEE INFOCOM},
  address={Orlando, FL, USA},
  month=mar,
  year={2012}
}

@techreport{vahdat2000epidemic,
  title={Epidemic routing for partially connected ad hoc networks},
  author={Vahdat, Amin and Becker, David and others},
  year={2000},
  institution={Technical Report CS-200006, Duke University}
}

@article{wang2004turning,
  title={Turning the postal system into a generic digital communication mechanism},
  author={Wang, Randolph Y and Sobti, Sumeet and Garg, Nitin and Ziskind, Elisha and Lai, Junwen and Krishnamurthy, Arvind},
  booktitle={ACM SIGCOMM Computer Communication Review},
  volume={34},
  number={4},
  pages={159--166},
  year={2004}
}

@inproceedings{musualoiu2008koala,
  title={Koala: Ultra-low power data retrieval in wireless sensor networks},
  author={Mus{\u{a}}loiu-E, R{\u{a}}zvan and Liang, Chieh-Jan Mike and Terzis, Andreas},
  booktitle={IEEE IPSN},
  address={St. Louis, MO, USA},
  month=apr,
  year={2008}
}

@article{gargnetworking,
  title={Networking Going Postal},
  author={Garg, Nitin and Sobti, Sumeet and Lai, Junwen and Zheng, Fengzhou and Li, Kai and Krishnamurthy, Arvind and Wang, Randolph Y}
}

@article{garg2005bridging,
  title={Bridging the digital divide: storage media+ postal network= generic high-bandwidth communication},
  author={Garg, Nitin and Sobti, Sumeet and Lai, Junwen and Zheng, Fengzhou and Li, Kai and Wang, Randolph Y and Krishnamurthy, Arvind},
  journal={ACM Transactions on Storage},
  volume={1},
  number={2},
  pages={246--275},
  year={2005}
}

@inproceedings{cho2011budget,
  title={Budget-constrained bulk data transfer via internet and shipping networks},
  author={Cho, Brian and Gupta, Indranil},
  booktitle={ACM ICAC},
  address= {Karlsruhe, Germany},
  month=jun,
  year={2011}
}

@book{kahn1974codebreakers,
  title={The codebreakers},
  author={Kahn, David},
  year={1974},
  publisher={Weidenfeld and Nicolson}
}

@inproceedings{cho2010new,
  title={New algorithms for planning bulk transfer via internet and shipping networks},
  author={Cho, Brian and Gupta, Indranil},
  booktitle={IEEE ICDCS},
  address={Genoa, Italy},
  month=jun,
  year={2010}
}

@inproceedings{tolia2006architecture,
  title={An architecture for Internet data transfer},
  author={Tolia, Niraj and Kaminsky, Michael and Andersen, David G and Patil, Swapnil},
  booktitle={USENIX NSDI},
  address={San Jose, CA, USA},
  month=may,
  year={2006}
}

@article{tanenbaum2003computer,
  title={Computer networks},
  author={Tanenbaum, Andrew S},
  journal={Prentice Hall},
  year={2003}
}

@article{waitzman1990standard,
  title={Standard for the transmission of IP datagrams on avian carriers},
  author={Waitzman, David},
  year={1990}
}

@article{waitzman1999ip,
  title={IP over avian carriers with quality of service},
  author={Waitzman, David},
  year={1999}
}

@misc{rabagliati2004wizzy,
  title={Wizzy digital courier--how it works},
  author={Rabagliati, A},
  year={2004},
  publisher={April}
}

@book{jain2004routing,
  title={Routing in a delay tolerant network},
  author={Jain, Sushant and Fall, Kevin and Patra, Rabin},
  publisher={ACM SIGCOMM},
  address={Portland, OR, USA},
  month=aug,
  year={2004}
}

@article{partan2007survey,
  title={A survey of practical issues in underwater networks},
  author={Partan, Jim and Kurose, Jim and Levine, Brian Neil},
  journal={ACM SIGMOBILE Mobile Computing and Communications Review},
  volume={11},
  number={4},
  pages={23--33},
  year={2007}
}

@article{akyildiz2005underwater,
  title={Underwater acoustic sensor networks: research challenges},
  author={Akyildiz, Ian F and Pompili, Dario and Melodia, Tommaso},
  journal={Elsevier Ad hoc networks},
  volume={3},
  number={3},
  pages={257--279},
  year={2005}
}

@inproceedings{dunbabin2006data,
  title={Data muling over underwater wireless sensor networks using an autonomous underwater vehicle},
  author={Dunbabin, Matthew and Corke, Peter and Vasilescu, Iuliu and Rus, Daniela},
  booktitle={IEEE ICRA 2006},
  address={Orlando, FL, USA},
  month=may,
  year={2006}
}

@article{pathirana2005node,
  title={Node localization using mobile robots in delay-tolerant sensor networks},
  author={Pathirana, Pubudu N and Bulusu, Nirupama and Savkin, Andrey V and Jha, Sanjay},
  journal={IEEE Transactions on Mobile Computing},
  volume={4},
  number={3},
  pages={285--296},
  year={2005}
}

@article{burns2008mora,
  title={{MORA} routing and capacity building in disruption-tolerant networks},
  author={Burns, Brendan and Brock, Oliver and Levine, Brian Neil},
  journal={Elsevier Ad hoc networks},
  volume={6},
  number={4},
  pages={600--620},
  year={2008},
}

@INPROCEEDINGS{burns2005mv, 
  title={{MV} routing and capacity building in disruption tolerant networks}, 
  author={Burns, Brendan and Brock, Oliver and Levine, Brian Neil}, 
  booktitle={IEEE INFOCOM}, 
  address={Miami, FL, USA},
  month=mar,
  year={2005}, 
}

@inproceedings{burns2006autonomous,
  title={Autonomous enhancement of disruption tolerant networks},
  author={Burns, Brendan and Brock, Oliver and Levine, Brian Neil},
  booktitle={IEEE ICRA},
  address={Orlando, FL, USA},
  month=may,
  year={2006}
}

@article{tekdas2009using,
  title={Using mobile robots to harvest data from sensor fields},
  author={Tekdas, Onur and Isler, Volkan and Lim, Jong Hyun and Terzis, Andreas},
  journal={IEEE Wireless Communications},
  volume={16},
  number={1},
  pages={22},
  year={2009}
}

@inproceedings{bin2006message,
  title={Message ferry route design for sparse ad hoc networks with mobile nodes},
  author={Bin Tariq, Muhammad Mukarram and Ammar, Mostafa and Zegura, Ellen},
  booktitle={ACM MobiHoc},
  address={Florence, Italy},
  month=may,
  year={2006}
}

@article{yuan2007optimal,
  title={On the optimal robot routing problem in wireless sensor networks},
  author={Yuan, Bo and Orlowska, Maria and Sadiq, Shazia},
  journal={IEEE Transactions on Knowledge and Data Engineering},
  volume={19},
  number={9},
  pages={1252--1261},
  year={2007}
}

@inproceedings{tirta2004efficient,
  title={Efficient collection of sensor data in remote fields using mobile collectors},
  author={Tirta, Yuldi and Li, Zhiyuan and Lu, Yung-Hsiang and Bagchi, Saurabh},
  booktitle={IEEE ICCCN 2004},
  address={Chicago, IL, USA},
  month=oct,
  year={2004}
}

@inproceedings{davis2001wearable,
  title={Wearable computers as packet transport mechanisms in highly-partitioned ad-hoc networks},
  author={Davis, James and Fagg, Andrew H and Levine, Brian N and others},
  booktitle={IEEE International Symposium on Wearable Computers},
  address={Zurich, Switzerland},
  year={2001}
}

@inproceedings{zhao2003message,
  title={Message ferrying: Proactive routing in highly-partitioned wireless ad hoc networks},
  author={Zhao, Wenrui and Ammar, Mostafa H},
  booktitle={IEEE FTDCS},
  address={San Juan, Puerto Rico},
  month=may,
  year={2003}
}

@inproceedings{zhao2004message,
  title={A message ferrying approach for data delivery in sparse mobile ad hoc networks},
  author={Zhao, Wenrui and Ammar, Mostafa and Zegura, Ellen},
  booktitle={ACM MobiHoc},
  address={Tokyo, Japan},
  month=may,
  year={2004}
}

@inproceedings{zhao2005controlling,
  title={Controlling the mobility of multiple data transport ferries in a delay-tolerant network},
  author={Zhao, Wemi and Ammar, Mostafa and Zegura, Ellen},
  booktitle={IEEE INFOCOM},
  address={Miami, FL, USA},
  month=mar,
  year={2005}
}

@article{mcmahon2009delay,
  title={Delay-and disruption-tolerant networking},
  author={McMahon, Alex and Farrell, Stephen},
  journal={IEEE Internet Computing},
  year={2009}
}

@inproceedings{mcdonald2007sensor, 
    author={P. McDonald and D. Geraghty and I. Humphreys and S. Farrell and V. Cahill}, 
    booktitle={Computer Communications and Networks, 2007. ICCCN 2007. Proceedings of 16th International Conference on}, 
    title={Sensor Network with Delay Tolerance (SeNDT)}, 
    year={2007}
}

@inproceedings{krishnan2007spindle,
  title={The spindle disruption-tolerant networking system},
  author={Krishnan, Rajesh and Basu, Prithwish and Mikkelson, Joanne M and Small, Christopher and Ramanathan, Ram and Brown, Daniel W and Burgess, John R and Caro, Armando L and Condell, Matthew and Goffee, Nicholas C and others},
  booktitle={IEEE MILCOM},
  address={Orlando, FL, USA},
  month=oct,
  year={2007}
}

@inproceedings{hull2006cartel,
  title={CarTel: a distributed mobile sensor computing system},
  author={Hull, Bret and Bychkovsky, Vladimir and Zhang, Yang and Chen, Kevin and Goraczko, Michel and Miu, Allen and Shih, Eugene and Balakrishnan, Hari and Madden, Samuel},
  booktitle={ACM SenSys},
  address={Boulder, CO, USA},
  month=oct,
  year={2006}
}

@article{burrell2004vineyard,
  title={Vineyard computing: Sensor networks in agricultural production},
  author={Burrell, Jenna and Brooke, Tim and Beckwith, Richard},
  journal={IEEE Pervasive Computing},
  volume={3},
  number={1},
  pages={38--45},
  year={2004}
}

@article{eisenman2009bikenet,
  title={BikeNet: A mobile sensing system for cyclist experience mapping},
  author={Eisenman, Shane B and Miluzzo, Emiliano and Lane, Nicholas D and Peterson, Ronald A and Ahn, Gahng-Seop and Campbell, Andrew T},
  journal={ACM Transactions on Sensor Networks},
  volume={6},
  number={1},
  pages = {6:1--6:39},
  year={2009}
}

@inproceedings{newson2009hidden,
  title={Hidden Markov map matching through noise and sparseness},
  author={Newson, Paul and Krumm, John},
  booktitle={ACM SIGSPATIAL},
  year={2009},
  address={Seattle, WA, USA},
  month=nov
}

@inproceedings{baron2014software,
  title={Software-defined vehicular backhaul},
  author={Baron, Benjamin and Spathis, Prom{\'e}th{\'e}e and Rivano, Herv{\'e} and De Amorim, Marcelo Dias and Viniotis, Yannis and Clarke, Joseph},
  booktitle={IEEE/IFIP Wireless Days (WD)},
  year={2014}
}

@inproceedings{baron2014vehicles,
  title={Vehicles as big data carriers: Road map space reduction and efficient data assignment},
  author={Baron, Benjamin and Spathis, Prom{\'e}th{\'e}e and Rivano, Herv{\'e} and De Amorim, Marcelo Dias},
  booktitle={IEEE VTC Fall},
  year={2014}
}

@inproceedings{chawathe2006inter,
  title={Inter-vehicle data dissemination in sparse equipped traffic},
  author={Chawathe, Sudarshan S},
  booktitle={IEEE ITSC},
  address={Toronto, ON, Canada},
  month=sep,
  year={2006}
}

@inproceedings{lok2009data,
  title={Data Dissemination with Drop Boxes},
  author={Lok, Mun J and Qazi, Bilal R and Elmirghani, Jaafar MH},
  booktitle={IEEE AINA},
  address={Bradford, England},
  month=may,
  year={2009}
}

@inproceedings{chawathe2008using,
  title={Using dead drops to improve data dissemination in very sparse equipped traffic},
  author={Chawathe, Sudarshan S},
  booktitle={IEEE Intelligent Vehicles Symposium},
  address={Eindhoven, Netherlands},
  month=jun,
  year={2008}
}

@article{farahmand2011performance,
  title={Performance of vehicular delay-tolerant networks with relay nodes},
  author={Farahmand, Farid and Cerutti, Isabella and Patel, Ankitkumar N and Jue, Jason P and Rodrigues, Joel JPC},
  journal={Wiley Wireless Communications and Mobile Computing},
  volume={11},
  number={7},
  pages={929--938},
  year={2011}
}

@inproceedings{goodman1997infostations,
  title={Infostations: A new system model for data and messaging services},
  author={Goodman, David J and Borras, Joan and Mandayam, Narayan B and Yates, Roy D},
  booktitle={IEEE VTC},
  address={Phoenix, AZ, USA},
  month=may,
  year={1997}
}

@inproceedings{zhao2006capacity,
  title={Capacity enhancement using throwboxes in {DTNs}},
  author={Zhao, Wenrui and Chen, Yang and Amma, Mostafa and Corner, Mark and Levine, Brian and Zegura, Ellen},
  booktitle={IEEE MASS},
  address={Vancouver, BC, USA},
  month=oct,
  year={2006},
}

@article{banerjee2010design,
  title={Design and field experimentation of an energy-efficient architecture for {DTN} throwboxes},
  author={Banerjee, Nilanjan and Corner, Mark D and Levine, Brian Neil},
  volume={18},
  number={2},
  pages={554--567},
  journal={IEEE/ACM Transactions on Networking (TON)},
  year={2010}
}

@inproceedings{banerjee2007energy,
  title={An energy-efficient architecture for {DTN} throwboxes},
  author={Banerjee, Nilanjan and Corner, Mark D and Levine, Brian Neil},
  booktitle={IEEE INFOCOM},
  address={Anchorage, AK, USA},
  month=may,
  year={2007}
}

@article{tung2014metronet,
  title={MetroNet: a disruption-tolerant approach for mobile downloads on metro systems},
  author={Tung, Li-Ping and Chen, Yi-Chao and Lan, Kun-chan and Chen, Ling-Jyh},
  journal={Wiley Transactions on Emerging Telecommunications Technologies},
  volume={25},
  number={8},
  pages={835--851},
  year={2014}
}

@article{pentland2004daknet,
  title={Daknet: Rethinking connectivity in developing nations},
  author={Pentland, Alex Sandy and Fletcher, Richard and Hasson, Amir},
  journal={IEEE Computer},
  volume={37},
  number={1},
  pages={78--83},
  month=jan,
  year={2004}
}

@article{lee1961algorithm,
  title={An algorithm for path connections and its applications},
  author={Lee, Chin Yang},
  journal={IRE transactions on electronic computers},
  number={3},
  pages={346--365},
  year={1961}
}

@article{guo2007very,
  title={Very low-cost internet access using {KioskNet}},
  author={Guo, Shimin and Falaki, Mohammad Hossein and Oliver, Earl A and Ur Rahman, S and Seth, Aaditeshwar and Zaharia, Matei A and Keshav, Srinivasan},
  journal={ACM SIGCOMM Computer Communication Review},
  volume = {37},
  number = {5},
  pages = {95--100},
  year={2007}
}

@article{guo2011design,
  title={Design and implementation of the {KioskNet} system},
  author={Guo, Shimin and Derakhshani, Mohammad and Falaki, Mohammad Hossein and Ismail, Usman and Luk, Rowe and Oliver, Earl A and Rahman, S Ur and Seth, Aaditeshwar and Zaharia, Matei A and Keshav, Srinivasan},
  volume={55},
  number={1},
  pages={264--281},
  journal={Elsevier Computer Networks},
  year={2011}
}

@article{fischer2013predictable,
  title={Predictable Mobile Routing for Spacecraft Networks},
  author={Fischer, Daniel and Basin, David and Eckstein, Knut and Engel, Thomas},
  volume={12},
  number={6},
  pages={1174--1187},
  journal={IEEE Transactions on Mobile Computing},
  year={2013}
}

@article{uppoor2014generation,
  title={Generation and analysis of a large-scale urban vehicular mobility dataset},
  author={Uppoor, Sandesh and Trullols-Cruces, Oscar and Fiore, Marco and Barcelo-Ordinas, Jose M},
  journal={IEEE Transactions on Mobile Computing},
  volume={13},
  number={5},
  pages={1061--1075},
  year={2014}
}

@article{jerbi2009towards,
  title={Towards efficient geographic routing in urban vehicular networks},
  author={Jerbi, Moez and Senouci, Sidi-Mohammed and Rasheed, Tinku and Ghamri-Doudane, Yacine},
  journal={IEEE Transactions on Vehicular Technology},
  volume={58},
  number={9},
  pages={5048--5059},
  year={2009}
}

@article{cascetta1993dynamic,
  title={Dynamic estimators of origin-destination matrices using traffic counts},
  author={Cascetta, Ennio and Inaudi, Domenico and Marquis, Gerald},
  journal={INFORMS Transportation science},
  volume={27},
  number={4},
  pages={363--373},
  year={1993}
}

@article{bierlaire2004efficient,
  title={An efficient algorithm for real-time estimation and prediction of dynamic OD tables},
  author={Bierlaire, Michel and Crittin, Frank},
  journal={INFORMS Operations Research},
  volume={52},
  number={1},
  pages={116--127},
  year={2004}
}

@book{ford2015flows,
  title={Flows in networks},
  author={Ford Jr, Lester Randolph and Fulkerson, Delbert Ray},
  year={2015},
  publisher={Princeton university press}
}

@article{hodgson1990flow,
  title={A Flow-Capturing Location-Allocation Model},
  author={Hodgson, M John},
  journal={Wiley Geographical Analysis},
  volume={22},
  number={3},
  pages={270--279},
  year={1990}
}

@inproceedings{naboulsi2013instantaneous,
  title={On the instantaneous topology of a large-scale urban vehicular network: the cologne case},
  author={Naboulsi, Diala and Fiore, Marco},
  booktitle={ACM MobiHoc},
  year={2013},
  address={Bangalore, India},
  month=jul
}

@inproceedings{gounder1999routing,
  title={Routing in {LEO}-based satellite networks},
  author={Gounder, Vidyashankar V and Prakash, Ravi and Abu-Amara, Hosame},
  booktitle={IEEE Wireless Communications and Systems},
  address={Richardson, TX, USA},
  month=apr,
  year={1999}
}

@article{chaintreau2007impact,
  title={Impact of human mobility on opportunistic forwarding algorithms},
  author={Chaintreau, Augustin and Hui, Pan and Crowcroft, Jon and Diot, Christophe and Gass, Richard and Scott, James},
  journal={IEEE Transactions on Mobile Computing},
  volume={6},
  number={6},
  pages={606--620},
  year={2007}
}

@inproceedings{leguay2005dtn,
  title={{DTN} routing in a mobility pattern space},
  author={Leguay, J{\'e}r{\'e}mie and Friedman, Timur and Conan, Vania},
  booktitle={ACM WDTN},
  address= {Philadelphia, PA, USA},
  month=aug,
  year={2005}
}

@article{karagiannis2010power,
  title={Power law and exponential decay of intercontact times between mobile devices},
  author={Karagiannis, Thomas and Le Boudec, Jean-Yves and Vojnovi{\'c}, Milan},
  volume={9},
  number={10},
  pages={1377--1390},
  journal={IEEE Transactions on Mobile Computing},
  year={2010}
}

@inproceedings{conan2007characterizing,
  title={Characterizing pairwise inter-contact patterns in delay tolerant networks},
  author={Conan, Vania and Leguay, J{\'e}r{\'e}mie and Friedman, Timur},
  booktitle={ICST Autonomics},  
  address= {Rome, Italy},
  month=oct,
  year={2007}
}

@inproceedings{tan2003shortest,
  title={Shortest path routing in partially connected ad hoc networks},
  author={Tan, Kun and Zhang, Qian and Zhu, Wenwu},
  booktitle={IEEE GLOBECOM},
  address={San Francisco, CA, USA},
  month=dec,
  year={2003}
}

@inproceedings{sede2008routing,
  title={Routing in large-scale buses ad hoc networks},
  author={Sede, Michel and Li, Xu and Li, Da and Wu, Min-You and Li, Minglu and Shu, Wei},
  booktitle={IEEE WCNC},
  address={Las Vegas, NV, USA},
  month=apr,
  year={2008}
}

@inproceedings{zhang2007study,
  title={Study of a bus-based disruption-tolerant network: mobility modeling and impact on routing},
  author={Zhang, Xiaolan and Kurose, Jim and Levine, Brian Neil and Towsley, Don and Zhang, Honggang},
  booktitle={ACM MobiCom},
  address={MontrÃ©al, QC, Canada},
  month=sep,
  year={2007}
}

@inproceedings{jetcheva2003design,
  title={Design and evaluation of a metropolitan area multitier wireless ad hoc network architecture},
  author={Jetcheva, Jorjeta G and Hu, YihChun and PalChaudhuri, Santashil and Saha, Amit Kumar and Johnson, David B},
  booktitle={IEEE WMCSA},
  address={Monterey, CA, USA},
  month=oct,
  year={2003}
}

@inproceedings{ahmed2007cluster,
  title={Cluster-based forwarding in delay tolerant public transport networks},
  author={Ahmed, Shabbir and Kanhere, Salil S},
  booktitle={IEEE LCN},
  address={Dublin, Ireland},
  month=oct,
  year={2007}
}

@inproceedings{nelson2009encounter,
  title={Encounter-based routing in {DTNs}},
  author={Nelson, Samuel C and Bakht, Mehedi and Kravets, Robin},
  booktitle={IEEE INFOCOM},
  address={Rio de Janeiro, Brazil},
  month=apr,
  year={2009}
}

@inproceedings{jin2016optimizing,
  title={Optimizing Bulk Transfers with Software-Defined Optical WAN},
  author={Jin, Xin and Li, Yiran and Wei, Da and Li, Siming and Gao, Jie and Xu, Lei and Li, Guangzhi and Xu, Wei and Rexford, Jennifer},
  booktitle={ACM SIGCOMM},
  address={FlorianÃ³polis, Brazil},
  month=aug,
  year={2016},
}

@article{grossglauser2006locating,
  title={Locating mobile nodes with ease: learning efficient routes from encounter histories alone},
  author={Grossglauser, Matthias and Vetterli, Martin},
  journal={IEEE/ACM Transactions on Networking},
  volume={14},
  number={3},
  pages={457--469},
  year={2006}
}

@article{lindgren2003probabilistic,
  title={Probabilistic routing in intermittently connected networks},
  author={Lindgren, Anders and Doria, Avri and Schel{\'e}n, Olov},
  journal={ACM SIGMOBILE mobile computing and communications review},
  volume={7},
  number={3},
  pages={19--20},
 year={2003}
}

@article{doria2009providing,
  title={Providing connectivity to the saami nomadic community},
  author={Doria, Avri and Uden, Maria and Pandey, D},
  journal={generations},
  year={2009}
}

@inproceedings{demmer2007dtlsr,
  title={{DTLSR}: delay tolerant routing for developing regions},
  author={Demmer, Michael and Fall, Kevin},
  booktitle={ACM NSDR},
  address={Kyoto, Japan},
  month=aug,
  year={2007}
}

@inproceedings{anteur2015ultra,
  title={Ultra Narrow Band Technique for Low Power Wide Area Communications},
  author={Anteur, Mehdi and Deslandes, Vincent and Thomas, Nathalie and Beylot, Andre-Luc},
  booktitle={IEEE GLOBECOM},
  address={San Diego, CA, USA},
  month=dec,
  year={2015}
}

@inproceedings{aubry2014crowdout,
  title={CrowdOut: a mobile crowdsourcing service for road safety in digital cities},
  author={Aubry, Elian and Silverston, Thomas and Lahmadi, Abdelkader and Festor, Olivier},
  booktitle={IEEE PERCOM Workshops},
  address={Budapest, Hungary},
  month=mar,
  year={2014}
}

@inproceedings{burgess2006maxprop,
  title={{MaxProp}: Routing for Vehicle-Based Disruption-Tolerant Networks},
  author={Burgess, John and Gallagher, Brian and Jensen, David and Levine, Brian Neil},
  booktitle={IEEE INFOCOM},
  address={Barcelona, Spain},
  month=apr,
  year={2006}
}

@inproceedings{musolesi2005adaptive,
  title={Adaptive routing for intermittently connected mobile ad hoc networks},
  author={Musolesi, Mirco and Hailes, Stephen and Mascolo, Cecilia},
  booktitle={IEEE WoWMoM},
  address={Taormina~--~Giardini Naxos, Italy},
  month=jun,
  year={2005}
}

@inproceedings{dubois2003age,
  title={Age matters: efficient route discovery in mobile ad hoc networks using encounter ages},
  author={Dubois-Ferriere, Henri and Grossglauser, Matthias and Vetterli, Martin},
  booktitle={ACM MobiHoc},
  address={Annapolis, MD, USA},
  month=jun,
  year={2003}
}

@inproceedings{erramilli2007diversity,
  title={Diversity of forwarding paths in pocket switched networks},
  author={Erramilli, Vijay and Chaintreau, Augustin and Crovella, Mark and Diot, Christophe},
  booktitle={ACM IMC},
  address= {San Diego, CA, USA},
  month=oct,
  year={2007}
}

@inproceedings{socievole2013opportunistic,
  title={Opportunistic message routing using multi-layer social networks},
  author={Socievole, Annalisa and Yoneki, Eiko and De Rango, Floriano and Crowcroft, Jon},
  booktitle={ACM UP-MOSys},
  address={Barcelona, Spain},
  month=nov,
  year={2013}
}

@article{boldrini2008exploiting,
  title={Exploiting users' social relations to forward data in opportunistic networks: The {HiBOp} solution},
  author={Boldrini, Chiara and Conti, Marco and Passarella, Andrea},
  journal={Elsevier Pervasive and Mobile Computing},
  volume={4},
  number={5},
  pages={633--657},
  year={2008}
}

@inproceedings{daly2007social,
  title={Social network analysis for routing in disconnected delay-tolerant {MANETs}},
  author={Daly, Elizabeth M and Haahr, Mads},
  booktitle={ACM MobiHoc},
  address={MontrÃ©al, QC, Canada},
  month=sep,
  year={2007}
}

@article{bayir2014fly,
  title={On the fly learning of mobility profiles for routing in pocket switched networks},
  author={Bayir, Murat Ali and Demirbas, Murat},
  journal={Elsevier Ad Hoc Networks},
  volume={16},
  pages={13--27},
  year={2014}
}

@inproceedings{tan2014vehicular,
  title={A vehicular backbone network ({VBN}) with joint transportation-wireless capacity utilization},
  author={Tan, Bo and Jose, Jithin and Wu, Xinzhou and Ying, Lei},
  booktitle={IEEE WiOpt},
  address={Hammamet, Tunisia},
  month=may,
  year={2014}
}

@inproceedings{ramanathan2007prioritized,
  title={Prioritized epidemic routing for opportunistic networks},
  author={Ramanathan, Ram and Hansen, Richard and Basu, Prithwish and Rosales-Hain, Regina and Krishnan, Rajesh},
  booktitle={ACM MobiOpp},
  address={San Juan, Porto Rico},
  month=jun,
  year={2007}
}

@article{juang2002energy,
  title={Energy-efficient computing for wildlife tracking: Design tradeoffs and early experiences with {ZebraNet}},
  author={Juang, Philo and Oki, Hidekazu and Wang, Yong and Martonosi, Margaret and Peh, Li Shiuan and Rubenstein, Daniel},
  journal={ACM Sigplan Notices},
  volume={37},
  number={10},
  pages={96--107},
  year={2002}
}

@inproceedings{scott2006haggle,
  title={Haggle: A networking architecture designed around mobile users},
  author={Scott, James and Crowcroft, Jon and Hui, Pan and Diot, Christophe},
  booktitle={IEEE/IFIP WONS},
  address={Les MÃ©nuires, France},
  month=jan,
  year={2006}
}

@article{balasubramanian2007dtn,
  title={{DTN} routing as a resource allocation problem},
  author={Balasubramanian, Aruna and Levine, Brian and Venkataramani, Arun},
  journal={ACM SIGCOMM},
  address={Kyoto, Japan},
  month=aug,
  year={2007}
}

@article{balasubramanian2010replication,
  title={Replication routing in {DTNs}: a resource allocation approach},
  author={Balasubramanian, Aruna and Levine, Brian Neil and Venkataramani, Arun},
  journal={IEEE/ACM Transactions on Networking},
  volume={18},
  number={2},
  pages={596--609},
  year={2010}
}

@article{tournoux2011density,
  title={Density-aware routing in highly dynamic DTNs: The rollernet case},
  author={Tournoux, Pierre-Ugo and Leguay, Jeremie and Benbadis, Farid and Whitbeck, John and Conan, Vania and De Amorim, Marcelo Dias},
  journal={IEEE Transactions on Mobile Computing},
  volume={10},
  number={12},
  pages={1755--1768},
  year={2011}
}

@inproceedings{tournoux2009accordion,
  title={The accordion phenomenon: Analysis, characterization, and impact on dtn routing},
  author={Tournoux, Pierre-Ugo and Leguay, J{\'e}r{\'e}mie and Benbadis, Farid and Conan, Vania and De Amorim, Marcelo Dias and Whitbeck, John},
  booktitle={IEEE INFOCOM},
  address={Rio de Janeiro, Brazil},
  month=apr,
  year={2009}
}

@inproceedings{spyropoulos2004single,
  title={Single-copy routing in intermittently connected mobile networks},
  author={Spyropoulos, Thrasyvoulos and Psounis, Konstantinos and Raghavendra, Cauligi S},
  booktitle={IEEE SECON},
  address={Santa Clara, CA, USA},
  month=oct,
  year={2004}
}

@inproceedings{gao2014forwarding,
  title={Forwarding redundancy in opportunistic mobile networks: Investigation and elimination},
  author={Gao, Wei and Li, Qinghua and Cao, Guohong},
  booktitle={IEEE INFOCOM},
  address={Toronto, ON, Canada},
  month=apr,
  year={2014}
}

@article{gao2015forwarding,
  title={Forwarding redundancy in opportunistic mobile networks: investigation, elimination and exploitation},
  author={Gao, Wei and Li, Qinghua and Cao, Guohong},
  journal={IEEE Transactions on Mobile Computing},
  volume={14},
  number={4},
  pages={714--727},
  year={2015}
}

@inproceedings{motani2005peoplenet,
  title={Peoplenet: engineering a wireless virtual social network},
  author={Motani, Mehul and Srinivasan, Vikram and Nuggehalli, Pavan S},
  booktitle={ACM MobiCom},
  address={Cologne, Germany},
  month=aug,
  year={2005}
}

@inproceedings{wang2005erasure,
  title={Erasure-coding based routing for opportunistic networks},
  author={Wang, Yong and Jain, Sushant and Martonosi, Margaret and Fall, Kevin},
  booktitle={ACM WDTN},
  address={Philadelphia, PA, USA},
  month=aug,
  year={2005}
}

@article{jones2007practical,
  title={Practical routing in delay-tolerant networks},
  author={Jones, Evan PC and Li, Lily and Schmidtke, Jakub K and Ward, Paul AS},
  journal={IEEE Transactions on Mobile Computing},
  volume={6},
  number={8},
  pages={943--959},
  year={2007}
}

@inproceedings{small2005resource,
  title={Resource and performance tradeoffs in delay-tolerant wireless networks},
  author={Small, Tara and Haas, Zygmunt J},
  booktitle={ACM WDTN},
  address={Philadelphia, PA, USA},
  month=aug,
  year={2005}
}

@article{soares2014geospray,
  title={GeoSpray: A geographic routing protocol for vehicular delay-tolerant networks},
  author={Soares, Vasco NGJ and Rodrigues, Joel JPC and Farahmand, Farid},
  journal={Elsevier Information Fusion},
  volume={15},
  pages={102--113},
  year={2014}
}

@inproceedings{spyropoulos2007spray,
  title={Spray and focus: Efficient mobility-assisted routing for heterogeneous and correlated mobility},
  author={Spyropoulos, Thrasyvoulos and Psounis, Konstantinos and Raghavendra, Cauligi S},
  booktitle={IEEE PerCom Workshops},
  address={White Plains, NY, USA},
  month=mar,
  year={2007}
}

@inproceedings{spyropoulos2005spray,
  title={Spray and wait: an efficient routing scheme for intermittently connected mobile networks},
  author={Spyropoulos, Thrasyvoulos and Psounis, Konstantinos and Raghavendra, Cauligi S},
  booktitle={ACM WDTN},
  address={Philadelphia, PA, USA},
  month=aug,
  year={2005}
}

@article{zeng2014reliable,
  title={Reliable bulk-data dissemination in delay tolerant networks},
  author={Zeng, Deze and Guo, Song and Hu, Jiankun},
  journal={IEEE Transactions on Parallel and Distributed Systems},
  volume={25},
  number={8},
  pages={2180--2189},
  year={2014}
}

@inproceedings{erramilli2008delegation,
  title={Delegation forwarding},
  author={Erramilli, Vijay and Crovella, Mark and Chaintreau, Augustin and Diot, Christophe},
  booktitle={ACM MobiHoc},
  year={2008}
}

@inproceedings{liu2009optimal,
  title={An optimal probabilistic forwarding protocolin delay tolerant networks},
  author={Liu, Cong and Wu, Jie},
  booktitle={ACM MobiHoc},
  address={Hong Kong, China},
  month=may,
  year={2009}
}

@inproceedings{sarafijanovic2006island,
  title={Island hopping: Efficient mobility-assisted forwarding in partitioned networks},
  author={Sarafijanovic-Djukic, Natasa and Piorkowski, Michal and Grossglauser, Matthias},
  booktitle={IEEE SECON},
  address={Reston, VA, USA},
  month=sep,
  year={2006}
}

@inproceedings{grossglauser2001mobility,
  title={Mobility increases the capacity of ad-hoc wireless networks},
  author={Grossglauser, Matthias and Tse, David},
  booktitle={IEEE INFOCOM},
  address={Anchorage, AK, USA},
  month=apr,
  year={2001}
}

@inproceedings{piorkowski2009parsimonious,
  title={A parsimonious model of mobile partitioned networks with clustering},
  author={Piorkowski, Michal and Sarafijanovic-Djukic, Natasa and Grossglauser, Matthias},
  booktitle={IEEE COMSNETS},
  address={Bangalore},
  month=jan,
  year={2009}
}

@inproceedings{leontiadis2007geopps,
  title={Geopps: Geographical opportunistic routing for vehicular networks},
  author={Leontiadis, Ilias and Mascolo, Cecilia},
  booktitle={IEEE WoWMoM},
  address={Espoo, Finland},
  month=jun,
  year={2007}
}

@inproceedings{soares2012performance,
  title={Performance assessment of a geographic routing protocol for vehicular delay-tolerant networks},
  author={Soares, Vasco NGJ and Rodrigues, Joel JPC and Farahmand, Farid},
  booktitle={IEEE WCNC},
  address={Shanghai, China},
  month=apr,
  year={2012}
}

@article{kuiper2011geographical,
  title={Geographical routing with location service in intermittently connected {MANETs}},
  author={Kuiper, Erik and Nadjm-Tehrani, Simin},
  journal={IEEE Transactions on Vehicular Technology},
  volume={60},
  number={2},
  pages={592--604},
  year={2011}
}

@article{cao2013converge,
  title={Converge-and-diverge: a geographic routing for delay/disruption-tolerant networks using a delegation replication approach},
  author={Cao, Yue and Sun, Zhili and Wang, Ning and Yao, Fang and Cruickshank, Haitham},
  volume={62},
  number={5},
  pages={2339--2343},
  journal={IEEE Transactions on Vehicular Technology},
  year={2013}
}

@article{cheng2010geodtn,
  title={{GeoDTN+ Nav}: Geographic {DTN} routing with navigator prediction for urban vehicular environments},
  author={Cheng, Pei-Chun and Lee, Kevin C and Gerla, Mario and H{\"a}rri, J{\'e}r{\^o}me},
  journal={Springer Mobile Networks and Applications},
  volume={15},
  number={1},
  pages={61--82},
  year={2010}
}

@article{di2011data,
  title={Data collection in wireless sensor networks with mobile elements: A survey},
  author={Di Francesco, Mario and Das, Sajal K and Anastasi, Giuseppe},
  journal={ACM Transactions on Sensor Networks},
  volume={8},
  number={1},
  pages={7},
  year={2011}
}

@article{zhang2009routing,
  title={Routing protocols in intermittently connected mobile ad hoc networks and delay-tolerant networks},
  author={Zhang, Zhensheng},
  journal={IEEE Communications Surveys & Tutorials},
  volume={8},
  number={1},
  pages={24--37},
  year={2009}
}

@article{bhattacharjee2015exploring,
  title={Exploring an energy-efficient {DTN} framework supporting disaster management services in post disaster relief operation},
  author={Bhattacharjee, Suman and Roy, Siuli and Bandyopadhyay, Somprakash},
  journal={Springer Wireless Networks},
  volume={21},
  number={3},
  pages={1033--1046},
  year={2015}
}

@inproceedings{borrel2007understanding,
  title={Understanding the wireless and mobile network space: a routing-centered classification},
  author={Borrel, Vincent and Ammar, Mostafa H and Zegura, Ellen W},
  booktitle={ACM CHANTS},
  address={Montreal, QC, Canada},
  month=sep,
  year={2007}
}

@inproceedings{ali2010routing,
  title={Routing protocols in delay tolerant networks~--~a survey},
  author={Ali, Salman and Qadir, Junaid and Baig, Adeel},
  booktitle={IEEE ICET},
  address={Islamabad, Pakistan},
  month=oct,
  year={2010}
}

@article{khabbaz2012disruption,
  title={Disruption-tolerant networking: A comprehensive survey on recent developments and persisting challenges},
  author={Khabbaz, Maurice J and Assi, Chadi M and Fawaz, Wissam F},
  journal={IEEE Communications Surveys \& Tutorials},
  volume={14},
  number={2},
  pages={607--640},
  year={2012}
}

@article{mota2014protocols,
  title={Protocols, mobility models and tools in opportunistic networks: A survey},
  author={Mota, Vin{\'\i}cius FS and Cunha, Felipe D and Macedo, Daniel F and Nogueira, Jos{\'e} MS and Loureiro, Antonio AF},
  journal={Elsevier Computer Communications},
  volume={48},
  pages={5--19},
  year={2014}
}

@article{zhu2013survey,
  title={A survey of social-based routing in delay tolerant networks: Positive and negative social effects},
  author={Zhu, Ying and Xu, Bin and Shi, Xinghua and Wang, Yu},
  journal={IEEE Communications Surveys \& Tutorials, },
  volume={15},
  number={1},
  pages={387--401},
  year={2013}
}

@article{spyropoulos2010routing,
  title={Routing for disruption tolerant networks: Taxonomy and design},
  author={Spyropoulos, Thrasyvoulos and Rais, Rao Naveed and Turletti, Thierry and Obraczka, Katia and Vasilakos, Athanasios},
  journal={Springer Wireless networks},
  volume={16},
  number={8},
  pages={2349--2370},
  year={2010}
}

@inproceedings{seth2006low,
  title={Low-cost communication for rural internet kiosks using mechanical backhaul},
  author={Seth, Aaditeshwar and Kroeker, Darcy and Zaharia, Matei and Guo, Shimin and Keshav, Srinivasan},
  booktitle={ACM MobiCom},
  address={Los Angeles, CA, USA},
  month=sep,
  year={2006}
}

@incollection{harras2005delay,
  title={Delay tolerant mobile networks (dtmns): Controlled flooding in sparse mobile networks},
  author={Harras, Khaled A and Almeroth, Kevin C and Belding-Royer, Elizabeth M},
  booktitle={IFIP NETWORKING},
  address={Waterloo, ON, Canada},
  month=may,
  year={2005}
}

@article{pereira2012delay,
  title={From delay-tolerant networks to vehicular delay-tolerant networks},
  author={Pereira, Paulo Rog{\'e}rio and Casaca, Augusto and Rodrigues, Joel JPC and Soares, Vasco NGJ and Triay, Joan and Cervell{\'o}-Pastor, Cristina},
  journal={IEEE Communications Surveys \& Tutorials},
  volume={14},
  number={4},
  pages={1166--1182},
  year={2012}
}

@inproceedings{ibrahim2009analysis,
  title={Analysis of relay protocols for throwbox-equipped {DTNs}},
  author={Ibrahim, Mouhamad and Nain, Philippe and Carreras, Iacopo},
  booktitle={IEEE WiOPT},
  address={Seoul, Korea},
  month=jun,
  year={2009}
}

@inproceedings{li2015relay,
  title={Relay placement for latency minimization in delay tolerant networks},
  author={Li, Peng and Kawasaki, Taiko and Miyazaki, Toshiaki and Guo, Song},
  booktitle={IEEE ICC},
  address={London, England}, 
  month=jun,
  year={2015}
}

@inproceedings{lee2008louvre,
  title={{LOUVRE}: Landmark overlays for urban vehicular routing environments},
  author={Lee, Kevin C and Le, Michael and Harri, Jerome and Gerla, Mario},
  booktitle={IEEE VTC Fall},
  address={Calgary, BC, Canada},
  month=sep,
  year={2008}
}

@inproceedings{guo2007fair,
  title={Fair and efficient scheduling in data ferrying networks},
  author={Guo, Shimin and Keshav, Srinivasan},
  booktitle={ACM CoNEXT},
  address={New York, NY, USA}, 
  month=dec,
  year={2007}
}

@article{zhou2013minimizing,
  title={Minimizing the Average Delay of Messages in Pigeon Networks},
  author={Zhou, Jiazhen and Roy, Sandip and Li, Jiang and Hu, Rose and Qian, Yi},
  journal={IEEE Transactions on Communications},
  volume={61},
  number={8},
  pages={3349--3361},
  year={2013}
}

@article{arif2012datacenter,
  title={Datacenter at the airport: Reasoning about time-dependent parking lot occupancy},
  author={Arif, Samiur and Olariu, Stephan and Wang, Jin and Yan, Gongjun and Yang, Weiming and Khalil, Ismail},
  journal={IEEE Transactions on Parallel and Distributed Systems},
  volume={23},
  number={11},
  pages={2067--2080},
  year={2012}
}

@inproceedings{li2000sending,
  title={Sending messages to mobile users in disconnected ad-hoc wireless networks},
  author={Li, Qun and Rus, Daniela},
  booktitle={ACM MobiCom},
  address={Boston, MA, USA},
  month=aug,
  year={2000}
}

@incollection{dolev2004virtual,
  title={Virtual mobile nodes for mobile ad hoc networks},
  author={Dolev, Shlomi and Gilbert, Seth and Lynch, Nancy A and Schiller, Elad and Shvartsman, Alex A and Welch, Jennifer L},
  booktitle={DISC},
  address={Amsterdam, The Netherlands}, 
  month=oct,
  year={2004}
}

@article{asadpour2016route, 
    title={Route or carry: Motion-driven packet forwarding in micro aerial vehicle networks}, 
    author={Asadpour, Mahdi and Hummel, Karin A and Giustiniano, Domenico and Draskovic, Stefan}, 
    journal={IEEE Transactions on Mobile Computing}, 
    year={2016}
}

@inproceedings{mansy2011deficit,
  title={Deficit round-robin based message ferry routing},
  author={Mansy, Ahmed and Ammar, Mostafa and Zegura, Ellen},
  booktitle={IEEE GLOBECOM},
  address={Houston, TX, USA},
  month=dec,
  year={2011}
}

@inproceedings{marn2005evolution,
  title={The evolution of radio/acoustic communication gateway buoys},
  author={Marn, W and Rice, J and Fletcher, C and Creber, R and Babicz, R and Rogers, K},
  booktitle={MTS/IEEE OCEANS},
  address={Washington, DC, USA},
  month=sep,
  year={2005}
}

@article{nain2004integrated,
  title={Integrated routing and storage for messaging applications in mobile ad hoc networks},
  author={Nain, Delphine and Petigara, Noshirwan and Balakrishnan, Hari},
  journal={Springer Mobile Networks and Applications},
  volume={9},
  number={6},
  pages={595--604},
  year={2004}
}

@article{papadimitriou1977euclidean,
  title={The Euclidean travelling salesman problem is {NP}-complete},
  author={Papadimitriou, Christos H},
  journal={Elsevier Theoretical Computer Science},
  volume={4},
  number={3},
  pages={237--244},
  year={1977}
}

@article{bentley1992fast,
  title={Fast algorithms for geometric traveling salesman problems},
  author={Bentley, Jon Jouis},
  journal={INFORMS ORSA Journal on computing},
  year={1992}
}

@inproceedings{jun2005power,
  title={Power management in delay tolerant networks: a framework and knowledge-based mechanisms},
  author={Jun, Hyewon and Ammar, Mostafa H and Zegura, Ellen W},
  booktitle={IEEE SECON},
  address={Santa Clara, CA, USA},
  month=sep,
  year={2005}
}

@inproceedings{shreedhar1995efficient,
  title={Efficient fair queueing using deficit round robin},
  author={Shreedhar, Madhavapeddi and Varghese, George},
  booktitle={ACM SIGCOMM Computer Communication Review},
  volume={25},
  number={4},
  pages={231--242},
  year={1995}
}

@article{savelsbergh1985local,
  title={Local search in routing problems with time windows},
  author={Savelsbergh, Martin WP},
  journal={Springer Annals of Operations research},
  volume={4},
  number={1},
  pages={285--305},
  year={1985}
}


@article{asadpour2014micro, 
    title={Micro aerial vehicle networks: an experimental analysis of challenges and opportunities}, 
    author={Asadpour, Mahdi and Van den Bergh, Bertold and Giustiniano, Domenico and Hummel, Karin Anna and Pollin, Sofie and Plattner, Bernhard}, 
    journal={IEEE Communications Magazine}, 
    volume={52},
    number={7},
    pages={141--149},
    year={2014}
}

@inproceedings{gorcitz2012vehicular,
  title = "Vehicular carriers for big data transfers (Poster)",
  author = "R. A. Gorcitz and Y. Jarma and P. Spathis and M. Dias de Amorim and R. Wakikawa and J. Whitbeck and V. Conan and S. Fdida",
  booktitle = "IEEE Vehicular Networking Conference",
  address= "Seoul, Koera",
  month=nov,
  year= 2012
}

@inproceedings{asadpour2013now,
  title={Now or later?: delaying data transfer in time-critical aerial communication},
  author={Asadpour, Mahdi and Giustiniano, Domenico and Hummel, Karin Anna and Heimlicher, Simon and Egli, Simon},
  booktitle={ACM CoNEXT},
  address={Santa Barbara, CA, USA},
  month=dec,
  year={2013}
}

@inproceedings{laoutaris2011inter,
  title = "Inter-datacenter bulk transfers with {NetStitcher}",
  author = "N. Laoutaris and M. Sirivianos and X. Yang and P. Rodriguez",
  booktitle = "ACM SIGCOMM",
  address= "Toronto, ON, Canada",
  month=aug,
  year = 2011
}

@book{pioro2004routing,
  title={Routing, flow, and capacity design in communication and computer networks},
  author={Pi{\'o}ro, Michal and Medhi, Deepankar},
  year={2004},
  publisher={Elsevier}
}

@article{ahuja1993network,
  title={Network flows: theory, algorithms, and applications},
  author={Ahuja, Ravindra K and Magnanti, Thomas L and Orlin, James B},
  year={1993},
  publisher={Prentice hall}
}

@inproceedings{karmarkar1984new,
  title={A new polynomial-time algorithm for linear programming},
  author={Karmarkar, Narendra},
  booktitle={ACM STOC},
  month={Washington, D.C., USA},
  month=apr,
  year={1984}
}

@article{neely2008fairness,
  title={Fairness and optimal stochastic control for heterogeneous networks},
  author={Neely, Michael J and Modiano, Eytan and Li, Chih-Ping},
  journal={IEEE/ACM Transactions on Networking},
  volume={16},
  number={2},
  pages={396--409},
  year={2008},
}

@article{zarafshan2010trainnet,
  title={TrainNet: A transport system for delivering non real-time data},
  author={Zarafshan-Araki, Mohammad and Chin, Kwan-Wu},
  journal={Elsevier Computer Communications},
  volume={33},
  number={15},
  pages={1850--1863},
  year={2010}
}

@article{tung2013metronet,
  title={MetroNet: a disruption-tolerant approach for mobile downloads on metro systems},
  author={Tung, Li-Ping and Chen, Yi-Chao and Lan, Kun-chan and Chen, Ling-Jyh},
  journal={Wiley Transactions on Emerging Telecommunications Technologies},
  volume={25},
  number={8},
  pages={835--851},
  year={2013}
}

@book{toth2001vehicle,
  title={The vehicle routing problem},
  author={Toth, Paolo and Vigo, Daniele},
  year={2001},
  publisher={Society for Industrial and Applied Mathematics}
}

@inproceedings{bychkovsky2006measurement,
  title={A measurement study of vehicular internet access using in situ {Wi-Fi} networks},
  author={Bychkovsky, Vladimir and Hull, Bret and Miu, Allen and Balakrishnan, Hari and Madden, Samuel},
  booktitle={ACM MobiCom},
  address={Los Angeles, CA, USA},
  month=sep,
  year={2006}
}

@inproceedings{laoutaris2009delay,
    title = {Delay Tolerant Bulk Data Transfers on the Internet},

     author = {Laoutaris, Nikolaos and Smaragdakis, Georgios and Rodriguez, Pablo and Sundaram, Ravi},
     booktitle = {Proceedings of the Eleventh International Joint Conference on Measurement and Modeling of Computer Systems},
     series = {ACM SIGMETRICS},
     address={Seattle, WA, USA},
     month=jun,
     year = {2009}
} 

@article{laoutaris2013delay,
     author = {Laoutaris, Nikolaos and Smaragdakis, Georgios and Stanojevic, Rade and Rodriguez, Pablo and Sundaram, Ravi},
     title = {Delay-tolerant Bulk Data Transfers on the Internet},
     journal = {IEEE/ACM Transactions on Networking},
  volume={21},
  number={6},
  pages={1852--1865},
     year = {2013},
     month=jan
} 


@inproceedings{eriksson2008cabernet,
  title={Cabernet: vehicular content delivery using {WiFi}},
  author={Eriksson, Jakob and Balakrishnan, Hari and Madden, Samuel},
  booktitle={ACM MobiCom},
  address={San Francisco, CA, USA},
  month=sep,
  year={2008}
}

@article{acer2012timely,
  title={Timely data delivery in a realistic bus network},
  author={Acer, Utku G{\"u}nay and Giaccone, Paolo and Hay, David and Neglia, Giovanni and Tarapiah, Saed},
  journal={IEEE Transactions on Vehicular Technology},
  volume={61},
  number={3},
  pages={1251--1265},
  year={2012}
}

@inproceedings{ott2005disconnection,
  title={A disconnection-tolerant transport for drive-thru internet environments},
  author={Ott, J{\"o}rg and Kutscher, Dirk},
  booktitle={IEEE INFOCOM},
  address={Miami, FL, USA},
  month=mar,
  year={2005}
}

@inproceedings{khanna2008using,
  title={Using overlays for efficient data transfer over shared wide-area networks},
  author={Khanna, Gaurav and Catalyurek, Umit and Kurc, Tahsin and Kettimuthu, Rajkumar and Sadayappan, P and Foster, Ian and Saltz, Joel},
  booktitle={ACM/IEEE SC},
  address={Ausin, TX, USA},
  month=nov,
  year={2008}
}

@article{allcock2003gridftp,
  title={GridFTP: Protocol extensions to FTP for the Grid},
  author={Allcock, William and Bester, Joe and Bresnahan, John and Chervenak, Ann and Liming, Lee and Tuecke, Steve},
  journal={Global Grid ForumGFD-RP},
  year={2003},
}

@article{shah2003data,
  title={Data mules: Modeling and analysis of a three-tier architecture for sparse sensor networks},
  author={Shah, Rahul C and Roy, Sumit and Jain, Sushant and Brunette, Waylon},
  journal={Elsevier Ad Hoc Networks},
  volume={1},
  number={2},
  pages={215--233},
  month=sep,
  year={2003}
}

@book{BPR64,
  title={Traffic assignment manual for application with a large, high speed computer},
  author={{United States. Bureau of Public Roads}},
  year={1964}
}

@article{gantz2012digital,
  title={The digital universe in 2020: Big data, bigger digital shadows, and biggest growth in the far east},
  author={Gantz, John and Reinsel, David},
  journal={IDC iView: IDC Analyze the Future},
  year={2012}
}

@inproceedings{balasubramanian2010augmenting,
  title = "Augmenting mobile {3G} using {WiFi}",
  author = "A. Balasubramanian and R. Mahajan and A. Venkataramani",
  booktitle= "ACM MobiSys",
  address={Washington, DC, USA},
  month=jun,
  year = 2010
}

@Article{lee2010mobile,
	title = "Mobile data offloading: how much can {WiFi} deliver?",
	author = "Lee, Kyunghan and Lee, Joohyun and Yi, Yung and Rhee, Injong and Chong, Song",
	journal = "IEEE/ACM Transactions on Networking",
  volume={21},
  number={2},
  pages={536--550},
	year = 2013
}

@inproceedings{carter2004digital,
  title={Digital graffiti: public annotation of multimedia content},
  author={Carter, Scott and Churchill, Elizabeth and Denoue, Laurent and Helfman, Jonathan and Nelson, Les},
  booktitle={ACM CHI},
  address={Vienna, Austria},
  month=apr,
  year={2004}
}

@inproceedings{ott2011floating,
  title={Floating content: Information sharing in urban areas},
  author={Ott, J{\"o}rg and Hyyti{\"a}, Esa and Lassila, Pasi and Vaegs, Tobias and Kangasharju, Jussi},
  booktitle={IEEE PerCom},
  address={Seattle, WA, USA},
  month=mar,
  year={2011}
}

@inproceedings{zhang2007study,
  title={Study of a bus-based disruption-tolerant network: mobility modeling and impact on routing},
  author={Zhang, Xiaolan and Kurose, Jim and Levine, Brian Neil and Towsley, Don and Zhang, Honggang},
  booktitle={ACM MobiCom},
  address={MontrÃ©al, QC, Canada},
  month=sep,
  year={2007}
}

@inproceedings{adhikari2012unreeling,
  title={Unreeling netflix: Understanding and improving multi-CDN movie delivery},
  author={Adhikari, Vijay Kumar and Guo, Yang and Hao, Fang and Varvello, Matteo and Hilt, Volker and Steiner, Moritz and Zhang, Zhi-Li},
  booktitle={IEEE INFOCOM},
  address={Orlando, FL, USA},
  month=mar, 
  year={2012}
}


@Article{li2011multiple,
	title = "Multiple mobile data offloading through delay tolerant networks",
	author = "Li, Yong and Su, Guolong and Hui, Pan and Jin, Depeng and Su, Li and Zeng, Lieguang",
	journal = "ACM CHANTS",
  address={Las Vegas, NV, USA},
  month=sep,
	year = 2011
}

@misc{tesla,
  author = {{Tesla Motors, Inc}},
  title = {{Supercharger}},
  howpublished = "\url{http://www.teslamotors.com/supercharger}",
  note = "[Online; accessed 20-January-2016]"
}

@misc{OICA,
  author = {{International Organization of Motor Vehicle Manufacturers (OICA)}},
  title = {{2012 Production statistics}},
  howpublished = "\url{http://oica.net/category/production-statistics/}",
  note = "[Online; accessed 20-January-2016]"
}

@misc{statsModeofTransport,
  author = {{European Commission}},
  title = {{Statistical pocketbook 2013}},
  howpublished = "\url{http://ec.europa.eu/transport/facts-fundings/statistics/pocketbook-2013_en.htm}",
  note = "[Online; accessed 20-January-2016]"
}

@misc{ENTD,
  author = {{MEDDE}},
  title = {{Mobilit\'{e} -- d\'{e}placement}},
  howpublished = "\url{http://tinyurl.com/otfbewv}"
}

@misc{SETRA,
  author = {{DGITM/DIT -- SETRA -- IGN}},
  title = {{Recensement de la circulation sur le r\'{e}seau routier national en 2011}},
  howpublished = "\url{http://tinyurl.com/otfbewv}"
}

@misc{CCFA,
  author = {{CCFA}},
  title = {{Analysis and statistics 2012}},
  howpublished = "\url{http://www.ccfa.fr/IMG/pdf/ccfa_gb_ra12b_bat.pdf}",
  note = "[Online; accessed 20-January-2016]"
}

@inproceedings{raveneau:hal-01201719,
  TITLE = {{Urban-scale Cellular Offloading through Wi-Fi Access Points: a Measurement-based Case Study}},
  AUTHOR = {Raveneau, Patrice and Stanica, Razvan and Fiore, Marco and Uppoor, Sandesh and Cunche, Mathieu and Rivano, Herv{\'e} and Smoreda, Zbigniew},
  BOOKTITLE = {{RTSI}},
  YEAR = {2015}
}

@article{guide2013us,
  title={US Department of Transportation},
  author={Traffic Monitoring Guide},
  journal={Federal Highway Administration},
  year={2013},
}

@misc{report2014ChargingTrends,
  title={Global Charging Equipment for EV Market 2014-2018},
  author={Infiniti Research Limited},
  year={2014},
}

@book{pasaoglu2012driving,
  title={Driving and Parking Patterns of European Car Drivers: A Mobility Survey},
  author={Pasaoglu, G and Fiorello, D and Martino, A and Scarcella, G and Alemanno, A and Zubaryeva, C and Thiel, C},
  year={2012},
  publisher={Publications Office}
}