@inproceedings{baron2014vehicles,
  title={Vehicles as big data carriers: Road map space reduction and efficient data assignment},
  author={Baron, Benjamin and Spathis, Prom{\'e}th{\'e}e and Rivano, Herv{\'e} and De Amorim, Marcelo Dias and others},
  booktitle={VTC2014-Fall},
  year={2014}
}

@inproceedings{baron2014Software,
  TITLE = {{Software-Defined Vehicular Backhaul}},
  AUTHOR = {Baron, Benjamin and Spathis, Prom{\'e}th{\'e}e and Rivano, Herv{\'e} and Dias De Amorim, Marcelo and Viniotis, Yannis and Clarke, Joseph},
  BOOKTITLE = {{Wireless Days 2014}},
  ORGANIZATION = {{IEEE and IFIP}},
  YEAR = {2014},
  MONTH = Nov
}

@article{baron2015offloading,
  title={Offloading Massive Data onto Passenger Vehicles: Topology Simplification and Traffic Assignment},
  author={Baron, Benjamin and Spathis, Prom{\'e}th{\'e}e and Rivano, Herv{\'e} and de Amorim, Marcelo Dias},
  year={2015},
  publisher={IEEE}
}

@article{baron2016virtualizing,
  title={Virtualizing vehicular node resources: Feasibility study of virtual machine migration},
  author={Baron, Benjamin and Campista, Miguel and Spathis, Prom{\'e}th{\'e}e and Costa, Lu{\'\i}s Henrique MK and de Amorim, Marcelo Dias and Duarte, Otto Carlos MB and Pujolle, Guy and Viniotis, Yannis},
  journal={Vehicular Communications},
  volume={4},
  pages={39--46},
  year={2016},
  publisher={Elsevier}
}

@inproceedings{baron2015etude,
  title={{\'E}tude de l'intermodalit{\'e} pour le d{\'e}lestage des r{\'e}seaux d'infrastructure},
  author={Baron, Benjamin and Spathis, Prom{\'e}th{\'e}e and Rivano, Herv{\'e} and de Amorim, M Dias},
  booktitle={ALGOTEL 2015â€”17{\`e}mes Rencontres Francophones sur les Aspects Algorithmiques des T{\'e}l{\'e}communications},
  year={2015}
}

@inproceedings{baron2016Cloud,
  TITLE = {{Cloud Storage for Mobile Users Using Pre-Positioned Storage Facilities (invited paper)}},
  AUTHOR = {Baron, Benjamin and Spathis, Prom{\'e}th{\'e}e and Dias De Amorim, Marcelo and Ammar, Mostafa},
  BOOKTITLE = {{SmartObjects}},
  ORGANIZATION = {{ACM}},
  YEAR = {2016},
  MONTH = Oct
}
